<?xml version="1.0" encoding="UTF-8"?><collection xmlns="http://www.loc.gov/MARC21/slim"><record><leader>00370nam--2200133-i-4500</leader><controlfield tag="001">000008999</controlfield><controlfield tag="002">20161230</controlfield><controlfield tag="005">20161230201028</controlfield><controlfield tag="008">060222s1000------------r-----000-0-eng-d</controlfield><datafield ind1=" " ind2=" " tag="080"><subfield code="a">539.125.5</subfield></datafield><datafield ind1=" " ind2=" " tag="245"><subfield code="a">An index to the literature on microscopic neut ron data, january 15, 1969</subfield></datafield><datafield ind1=" " ind2=" " tag="260"><subfield code="a">Oak Ridge, U.S.A.E.C., 1969. Viii + 181 P</subfield></datafield><datafield ind1=" " ind2=" " tag="490"><subfield code="a">Cinda 68</subfield></datafield><datafield ind1=" " ind2=" " tag="852"><subfield code="a">31563</subfield></datafield></record></collection>